<?xml version="1.0" encoding="UTF-8"?><collection xmlns="http://www.loc.gov/MARC21/slim"><record><leader>00691nam--2200193-i-4500</leader><controlfield tag="001">000014140</controlfield><controlfield tag="002">20161230</controlfield><controlfield tag="005">20161230201030</controlfield><controlfield tag="008">060222s1000------------r-----000-0-eng-d</controlfield><datafield ind1=" " ind2=" " tag="020"><subfield code="a">9090001484</subfield></datafield><datafield ind1=" " ind2=" " tag="040"><subfield code="a">IFIN-HH</subfield></datafield><datafield ind1=" " ind2=" " tag="080"><subfield code="a">537.533.35 (061.3)</subfield></datafield><datafield ind1="1" ind2=" " tag="100"><subfield code="a">Brederoo, P</subfield></datafield><datafield ind1="1" ind2="0" tag="245"><subfield code="a">Electron microscopy 1980 volume 3 analysis</subfield><subfield code="b">Eurem 80 proceedings of the seventh european congress on electron microscopy the hague, the netherland, augussst 24-29, 1980</subfield><subfield code="c">P. brederoo, v.e. cosslett (eds.)</subfield></datafield><datafield ind1=" " ind2=" " tag="260"><subfield code="a">Amsterdam</subfield><subfield code="b">North-holland Publishing Company</subfield><subfield code="c">1980</subfield></datafield><datafield ind1=" " ind2=" " tag="300"><subfield code="a">253P.+AUTHOR INDEX</subfield></datafield><datafield ind1="1" ind2=" " tag="700"><subfield code="a">Cosslett, V. E</subfield><subfield code="e">Ed</subfield></datafield><datafield ind1=" " ind2=" " tag="852"><subfield code="a">70136</subfield><subfield code="c">537.533.35</subfield></datafield><datafield ind1=" " ind2=" " tag="CAT"><subfield code="a">Sys</subfield><subfield code="c">20110914</subfield><subfield code="h">144959</subfield></datafield></record></collection>